@article{Bertsimas1993,
  doi = {10.1214/ss/1177011077},
  url = {https://doi.org/10.1214/ss/1177011077},
  year = {1993},
  month = feb,
  publisher = {Institute of Mathematical Statistics},
  volume = {8},
  number = {1},
  pages = {10--15},
  author = {Dimitris Bertsimas and John Tsitsiklis},
  title = {Simulated Annealing},
  journal = {Statistical Science}
}